@conference{daphne15,
    author  = "Daphne Economou; Vassiliki Bouki; Thanos Kounenis; Markos Mentzelopoulos",
    title   = "Treasure hunt pervasive games in cultural organisations",
    year    = "2015",
    booktitle = "2015 International Conference on Interactive Mobile Communication Technologies and Learning (IMCL)",
    number  = "978-1-4673-8243-4",
    pages   = "368-372"
}
@conference{zsolt12,
    author  = "Zsolt Balint; Botond Kiss; Beata Magyari and Karoly Simon",
    title   = "Augmented Reality and Image Recognition Based Framework for Treasure Hunt Games",
    year    = "2012",
    booktitle = "2012 IEEE International Symposium on Intelligent Systems and Informatics",
    number  = "978-1-4673-4750-1",
    pages   = "147-152"
}
@conference{ridho17,
    author  = "Ridho Rahman H; Darlis Herumurti; Imam Kuswardayan; Anny Yuniarti",
    title   = "Location Based Augmented Reality Game Using Kudan SDK",
    year    = "2017",
    booktitle = "2017 International Conference on Information \& Communication Technology and System (ICTS)",
    pages   = "307-310"
}
@conference{victor18,
    author  = "Victor M. Perez-Colado; Dan Cristian Rotaru; Manuel Freire; Ivan Martinez-Ortiz",
    title   = "Learning analytics for location-based serious games",
    year    = "2018",
    booktitle = "2018 IEEE Global Engineering Education Conference (EDUCON)",
    number  = "978-1-5386-2957-4",
    pages   = "1192-1197"
}
